@inproceedings{leGoues12,
  title={A systematic study of automated program repair: Fixing 55 out of 105 bugs for \$8 each},
  author={Le Goues, Claire and Dewey-Vogt, Michael and Forrest, Stephanie and Weimer, Westley},
  booktitle={2012 34th International Conference on Software Engineering (ICSE)},
  pages={3--13},
  year={2012},
  organization={IEEE}
}
@inproceedings{qi2014,
  title={The strength of random search on automated program repair},
  author={Qi, Yuhua and Mao, Xiaoguang and Lei, Yan and Dai, Ziying and Wang, Chengsong},
  booktitle={Proceedings of the 36th International Conference on Software Engineering},
  pages={254--265},
  year={2014},
  organization={ACM}
}
@article{mittas13,
	author =	{Nikolaos Mittas and Lefteris Angelis},
	title =	{Ranking and Clustering Software Cost Estimation
	Models through a Multiple Comparisons Algorithm},
	journal =	{IEEE Trans. Software Eng.},
	volume =	39,
	number =	4,
	year =	2013,
	pages =	{537-551},
}
@inproceedings{kim2013,
  title={Automatic patch generation learned from human-written patches},
  author={Kim, Dongsun and Nam, Jaechang and Song, Jaewoo and Kim, Sunghun},
  booktitle={Proceedings of the 2013 International Conference on Software Engineering},
  pages={802--811},
  year={2013},
  organization={IEEE Press}
}
@inproceedings{arcuri2011,
  title={A practical guide for using statistical tests to assess randomized algorithms in software engineering},
  author={Arcuri, Andrea and Briand, Lionel},
  booktitle={2011 33rd International Conference on Software Engineering (ICSE)},
  pages={1--10},
  year={2011},
  organization={IEEE}
}
@article{chen2016sampling,
  title={Is" Sampling" better than" Evolution" for Search-based Software Engineering?},
  author={Chen, Jianfeng and Nair, Vivek and Krishna, Rahul and Menzies, Tim},
  journal={arXiv preprint arXiv:1608.07617},
  year={2016}
}
@inproceedings{nair2016accidental,
  title={An (accidental) exploration of alternatives to evolutionary algorithms for sbse},
  author={Nair, Vivek and Menzies, Tim and Chen, Jianfeng},
  booktitle={International Symposium on Search Based Software Engineering},
  pages={96--111},
  year={2016},
  organization={Springer}
}
@article{deb2002fast,
  title={A fast and elitist multiobjective genetic algorithm: NSGA-II},
  author={Deb, Kalyanmoy and Pratap, Amrit and Agarwal, Sameer and Meyarivan, TAMT},
  journal={IEEE transactions on evolutionary computation},
  volume={6},
  number={2},
  pages={182--197},
  year={2002},
  publisher={IEEE}
}
@inproceedings{goel2010study,
  title={A study on the convergence of multiobjective evolutionary algorithms},
  author={Goel, Tushar and Stander, Nielen},
  booktitle={Preprint submitted to the 13th AIAA/ISSMO conference on Multidisciplinary Analysis Optimization},
  pages={1--18},
  year={2010}
}
@book{seacord:2003:MLS:599767,
 author = {seacord, Robert C. and Plakosh, Daniel and Lewis, Grace A.},
 title = {Modernizing Legacy Systems: Software Technologies, Engineering Process and Business Practices},
 year = {2003},
 isbn = {0321118847},
 publisher = {Addison-Wesley Longman Publishing Co., Inc.},
 address = {Boston, MA, USA},
}
@book{clever,
  author = {Jason Brownlee},
  title = {Clever Algorithms: Nature-Inspired Programming Recipes},
  year = {2012},
  isbn = {978-1-4467-8506-5},
  publisher = {},
  address = {Melbourne, Australia},
}
@
@inproceedings{anvik2005coping,
  title={Coping with an open bug repository},
  author={Anvik, John and Hiew, Lyndon and Murphy, Gail C},
  booktitle={Proceedings of the 2005 OOPSLA workshop on Eclipse technology eXchange},
  pages={35--39},
  year={2005},
  organization={ACM}
}
@inproceedings{liblit2003bug,
  title={Bug isolation via remote program sampling},
  author={Liblit, Ben and Aiken, Alex and Zheng, Alice X and Jordan, Michael I},
  booktitle={ACM Sigplan Notices},
  volume={38},
  number={5},
  pages={141--154},
  year={2003},
  organization={ACM}
}
@article{Goues,
  author = {Goues, Claire Le and Dewey-vogt, Michael and Forrest, Stephanie and Weimer, Westley},
  file = {:home/rkrsn/Documents/Mendeley Desktop/Goues et al. - Unknown - A Systematic Study of Automated Program Repair Fixing 55 out of 105 Bugs for {\$} 8 Each.pdf:pdf},
  keywords = {-genetic programming,automated program repair},
  mendeley-groups = {Automated Program Repair},
  title = {{A Systematic Study of Automated Program Repair : Fixing 55 out of 105 Bugs for {\$} 8 Each}}
}
@article{nsgaii,
  title={A fast and elitist multiobjective genetic algorithm: NSGA-II},
  author={Deb, Kalyanmoy and Pratap, Amrit and Agarwal, Sameer and Meyarivan, TAMT},
  journal={IEEE transactions on evolutionary computation},
  volume={6},
  number={2},
  pages={182--197},
  year={2002},
  publisher={IEEE}
}


